% Encoding: UTF-8
@InProceedings{Beyer:InvariantSynthesis,
author = {D. Beyer and T. A.~Henzinger and R. Majumdar and A. Rybalchenko},
title = {Invariant Synthesis for Combined Theories},
booktitle = {Proc. VMCAI},
publisher = {Springer},
series = {LNCS~4349},
pages = {378-394},
year = {2007},
}

@InProceedings{Beyer:PathInvariants,
author = {D. Beyer and T.~A.~Henzinger and R. Majumdar and A. Rybalchenko},
title = {Path Invariants},
booktitle = {Proc. PLDI},
publisher = {ACM},
pages = {300-309},
year = {2007},
}

@InProceedings{Beyer:KInduction,
author = {D. Beyer and M. Dangl and P. Wendler},
title = {Boosting k-Induction with Continuously-Refined Invariants},
booktitle = {Proc. CAV},
publisher = {Springer},
series = {LNCS~9206},
pages = {622-640},
year = {2015},
}

@InProceedings{Beyer:RefinementSelection,
author = {D. Beyer and S. L{\"o}we and P. Wendler},
title = {Refinement Selection},
booktitle = {Proc. SPIN},
publisher = {Springer},
series = {LNCS~9232},
pages = {20-38},
year = {2015},
}

@InProceedings{Beyer:SlicedPrefixes,
author = {D. Beyer and S. L{\"o}we and P. Wendler},
title = {Sliced Path Prefixes: An Effective Method to Enable Refinement Selection},
booktitle = {Proc. FORTE},
publisher = {Springer},
series = {LNCS~9039},
pages = {228-243},
year = {2015},
}

@InProceedings{Beyer:PrecisionReuse,
author = {D. Beyer and S. L{\"o}we and E. Novikov and A. Stahlbauer and P. Wendler},
title = {Precision Reuse for Efficient Regression Verification},
booktitle = {Proc. ESEC/FSE},
publisher = {ACM},
pages = {389-399},
year = {2013},
}

@InProceedings{Beyer:ConditionalModelChecking,
  author    = {D. Beyer and T. A. Henzinger and M. E. Keremoglu and P. Wendler},
  title     = {Conditional Model Checking: {A} Technique to Pass Information between Verifiers},
  booktitle = {Proc. FSE},
  year      = {2012},
  pages     = {57:1-57:11},
  publisher = {ACM},
}

@InProceedings{Beyer:CPAchecker,
author = {D. Beyer and M. E. Keremoglu},
title = {CPAchecker: A Tool for Configurable Software Verification},
booktitle = {Proc. CAV},
publisher = {Springer},
series = {LNCS~6806},
pages = {184-190},
year = {2011},
}

@InProceedings{Beyer:PredicateAbstraction,
author = {D. Beyer and M.~E. Keremoglu and P. Wendler},
title = {Predicate Abstraction with Adjustable-Block Encoding},
booktitle = {Proc. FMCAD},
publisher = {FMCAD},
pages = {189-197},
year = {2010},
}

@InProceedings{Beyer:DynamicPrecisionAdjustment,
author = {D. Beyer and T. A.~Henzinger and G. Th{\'e}oduloz},
title = {Program Analysis with Dynamic Precision Adjustment},
booktitle = {Proc. ASE},
publisher = {IEEE},
pages = {29-38},
year = {2008},
}

@TechReport{Beyer:InvariantsCPA,
author = {D. Beyer and M. Dangl and P. Wendler},
title = {Combining k-Induction with Continuously-Refined Invariants},
institution ={Department of Computer Science and Mathematics, University of Passau},
number = {MIP-1503},
year = {2015},
}

@inproceedings{Beyer:CPA,
author = {D. Beyer and T.~A.~Henzinger and G. Th{\'e}oduloz},
title = {Configurable Software Verification: Concretizing the Convergence of Model Checking and Program Analysis},
booktitle = {Proc. CAV},
publisher = {Springer},
series = {LNCS~4590},
pages = {504-518},
year = {2007},
}


@INPROCEEDINGS{Awedh:KInduction-Inv,
author={M. Awedh and F. Somenzi},
booktitle={Proc. DAC},
title={Automatic invariant strengthening to prove properties in bounded model checking},
year={2006},
pages={1073-1076},
publisher={ACM/IEEE}
}

@InProceedings{Kahsai:Kinduction-Inv,
  author    = {T. Kahsai and C. Tinelli},
  title     = {PKind: A parallel k-induction based model checker},
  booktitle = {Proc. PDMC},
  year      = {2011},
  series    = {EPTCS~72},
  pages     = {55-62},
  publisher = {EPTCS},
}

@InProceedings{Gupta:InvGen,
  author    = {A. Gupta and A. Rybalchenko},
  title     = {InvGen: An Efficient Invariant Generator},
  booktitle = {Proc. CAV},
  year      = {2009},
  series    = {LNCS~5643},
  pages     = {634-640},
  publisher = {Springer},
}

@Article{Ernst:Daikon,
  author     = {M. D. Ernst and J. H. Perkins and P. J. Guo and S. McCamant and C. Pacheco and M. S. Tschantz and C. Xiao},
  title      = {The Daikon System for Dynamic Detection of Likely Invariants},
  journal    = {Sci. Comput. Program.},
  year       = {2007},
  volume     = {69},
  number     = {1-3},
  pages      = {35-45},
  issue_date = {December, 2007},
  publisher  = {Elsevier},
}

@Article{Lustre,
  author    = {N. Halbwachs and P. Caspi and P. Raymond and D. Pilaud},
  title     = {The synchronous data flow programming language LUSTRE},
  journal   = {P. IEEE},
  year      = {1991},
  volume    = {79},
  number    = {9},
  pages     = {1305-1320},
  publisher = {IEEE},
}

@InProceedings{Jeannet:LoopAcceleration,
  author    = {B. Jeannet and P. Schrammel and S. Sankaranarayanan},
  title     = {Abstract Acceleration of General Linear Loops},
  booktitle = {Proc. POPL},
  year      = {2014},
  series    = {POPL'14},
  pages     = {529-540},
  publisher = {ACM},
}

@InProceedings{Madhukar:LoopAcceleration,
  author    = {K. Madhukar and B. Wachter and D. Kroening and M. Lewis and M. K. Srivas},
  title     = {Accelerating Invariant Generation},
  booktitle = {Proc. FMCAD},
  year      = {2015},
  pages     = {105-111},
  publisher = {IEEE},
}

@Article{Feautrier:LoopAcceleration,
  author    = {P. Feautrier and L. Gonnord},
  title     = {Accelerated Invariant Generation for C Programs with Aspic and C2fsm.},
  journal   = {Electron. Notes Theor. Comput. Sci.},
  year      = {2010},
  volume    = {267},
  number    = {2},
  pages     = {3-13},
  publisher = {Elsevier},
}

@inproceedings{Lahiri:invAbstractInt,
  author = {S. K. Lahiri and R. E. Bryant},
  booktitle = {Proc. VMCAI},
  pages = {267-281},
  publisher = {Springer},
  series = {LNCS~2937},
  title = {Constructing Quantified Invariants via Predicate Abstraction.},
  year = 2004
}

@InProceedings{Janota:assertion,
  author  = {M. Janota},
  title   = {Assertion-based Loop Invariant Generation},
  year    = {2007},
  journal = {Proc. WING},
}

@inproceedings{Dillig:abduction,
  author    = {I. Dillig and
               T. Dillig and
               B. Li and
               K. L. McMillan},
  title     = {Inductive invariant generation via abductive inference},
  booktitle = {Proc. OOPSLA},
  pages     = {443-456},
  year      = {2013},
  publisher = {ACM}
}

@InBook{Gurfinkel:Seahorn,
  pages     = {447-450},
  title     = {SeaHorn: A Framework for Verifying C Programs (Competition Contribution)},
  publisher = {Springer},
  year      = {2015},
  author    = {A. Gurfinkel and T. Kahsai and J. A. Navas},
  series    = {LNCS~9035},
  booktitle = {Proc. TACAS},
}

@InProceedings{Hoder:SeahornPDR,
  author    = {K. Hoder and N. Bj{\o}rner},
  title     = {Generalized Property Directed Reachability},
  booktitle = {Proc. SAT},
  year      = {2012},
  series    = {LNCS~7317},
  pages     = {157-171},
  publisher = {Springer},
}

@InBook{Brat:Ikos,
  pages     = {271-277},
  title     = {IKOS: A Framework for Static Analysis Based on Abstract Interpretation},
  publisher = {Springer},
  year      = {2014},
  author    = {G. Brat and Navas, Jorge A. and Shi, Nija and A. Venet},
  series    = {LNCS~8702},
  booktitle = {Proc. SEFM},
}

@InProceedings{LLVM,
  author    = {C. Lattner and V. Adve},
  title     = {LLVM: A Compilation Framework for Lifelong Program Analysis \& Transformation},
  booktitle = {Proc. CGO},
  year      = {2004},
  pages     = {75-86},
  publisher = {IEEE},
}

@InBook{Leino:Dafny,
  pages     = {112-126},
  title     = {Dafny Meets the Verification Benchmarks Challenge},
  publisher = {Springer},
  year      = {2010},
  author    = {K. R. M. Leino and R. Monahan},
  series    = {LNCS~6217},
  booktitle = {Proc. VSTTE},
}

@InBook{Brain:2LS,
  pages     = {145-161},
  title     = {Safety Verification and Refutation by k-Invariants and k-Induction},
  publisher = {Springer},
  year      = {2015},
  author    = {Brain, M. and Joshi, S. and Kroening, D. and Schrammel, P.},
  series    = {LNCS~9291},
  booktitle = {Proc. SAS},
}

@Article{Clarke:CEGAR,
  author     = {Clarke, E. and Grumberg, O. and Jha, S. and Lu, Y. and Veith, H.},
  title      = {Counterexample-guided Abstraction Refinement for Symbolic Model Checking},
  journal    = {J. ACM},
  year       = {2003},
  volume     = {50},
  pages      = {752-794},
  issue_date = {September 2003},
  publisher  = {ACM},
}

@InProceedings{Beyer:ExplicitCEGAR,
author = {D. Beyer and S. L{\"o}we},
title = {Explicit-State Software Model Checking Based on {CEGAR} and Interpolation},
booktitle = {Proc. FASE},
publisher = {Springer},
series = {LNCS~7793},
pages = {146-162},
year = {2013},
}

@InProceedings{Karpenkov:Slicing,
  author    = {G. Karpenkov and D. Monniaux},
  title     = {Formula Slicing: Inductive Invariants from Preconditions},
  booktitle = {Proc. HVC},
  year      = {2016},
  publisher = {Springer},
}

@comment{x-kbibtex-personnameformatting=<%l><, %f>}

@InBook{Karpenkov:LPI,
  pages     = {127-146},
  title     = {{Program Analysis with Local Policy Iteration}},
  publisher = {Springer},
  year      = {2016},
  author    = {Karpenkov, E. G. and Monniaux, D. and Wendler, P.},
  series    = {LNCS~9583},
  booktitle = {{Proc. VMCAI}},
}

@Article{Craig:Interpolation,
  author    = {W. Craig},
  title     = {Linear Reasoning. A New Form of the Herbrand-Gentzen Theorem},
  journal   = {J. Symb. Logic},
  year      = {1957},
  volume    = {22},
  number    = {3},
  pages     = {250-268},
  publisher = {Association for Symbolic Logic},
}

@Comment{jabref-meta: databaseType:bibtex;}
